% This file was created with JabRef 2.9.2.
% Encoding: Cp1252

@MISC{misc:levenshteinSQL,
  author = {Chella},
  title = {'How to add levenshtein function in mysql?' Answer},
  howpublished = {Web},
  month = {December},
  year = {2012},
  owner = {Mink},
  timestamp = {2014.05.27},
  url = {http://stackoverflow.com/a/13928762/1308250}
}

@MISC{misc:wombat2012,
  author = {Kristian Kolding Foged-Ladefoged and Rasmus Hoppe Nesgaard Aaen and
	Simon Blaabjerg Frandsen},
  title = {WOMBAT: Part of the GIRAF System},
  howpublished = {Aalborg University Student Report},
  month = {June},
  year = {2012},
  owner = {Jens},
  timestamp = {2014.03.11}
}

@MISC{misc:bestmvcpractices,
  author = {Yii Framework},
  title = {Best MVC Practices},
  howpublished = {Online},
  month = {04},
  year = {2014},
  owner = {dennis},
  timestamp = {2014.04.08},
  url = {http://www.yiiframework.com/doc/guide/1.1/en/basics.best-practices}
}

@MISC{misc:oasis2012,
  author = {Henrik Klarup and Jens Mohr Mortensen and Dan Stenholt M\o ller},
  title = {Oasis: Part of the GIRAF System},
  howpublished = {\url{http://projekter.aau.dk/projekter/da/studentthesis/oasis-del-af-giraf-systemet(40e68aca-89a7-4d9f-806b-b73dfb8ac673).html}},
  month = {May},
  year = {2014}
}

@MISC{misc:girafadmin2013,
  author = {Jens M. Lauridsen and Johan S\o rensen and Lars Chr. Pedersen and
	Tommy Knudsen},
  title = {GIRAF - Admin},
  howpublished = {\url{http://projekter.aau.dk/projekter/da/studentthesis/giraf--admin(d4567010-eab8-4bfd-9a06-43dde4cef2ad).html}},
  month = {June},
  year = {2013},
  owner = {Jens},
  timestamp = {2014.04.15}
}

@MISC{misc:levenshtein,
  author = {Many},
  title = {Levenshtein distance},
  howpublished = {Web},
  month = {May},
  year = {2014},
  owner = {Mink},
  timestamp = {2014.05.27},
  url = {http://en.wikipedia.org/wiki/Levenshtein_distance}
}

@MISC{misc:whatismvc,
  author = {Jeremy Morgan},
  title = {What Is MVC?},
  howpublished = {Online},
  month = {04},
  year = {2013},
  owner = {dennis},
  timestamp = {2014.04.08},
  url = {http://www.jeremymorgan.com/blog/programming/what-is-mvc/}
}

@MISC{misc:phpmvc,
  author = {Panique},
  title = {MVC skeleton application},
  howpublished = {Web},
  month = {April},
  year = {2014},
  owner = {Mink},
  timestamp = {2014.05.27},
  url = {https://github.com/panique/php-mvc}
}

@MISC{misc:visualparadigm,
  author = {Visual Paradigm},
  title = {Visual Paradigm for UML 11.0 Enterprise Edition},
  howpublished = {Online},
  month = {03},
  year = {2014},
  owner = {erik},
  timestamp = {2014.03.05},
  url = {http://www.visual-paradigm.com/product/vpuml/editions/enterprise.jsp}
}

@comment{jabref-meta: selector_review:}

@comment{jabref-meta: selector_publisher:}

@comment{jabref-meta: selector_author:}

@comment{jabref-meta: selector_journal:}

@comment{jabref-meta: selector_keywords:}

